% Encoding: UTF-8
% LTeX: enabled=false

@Article{Mustermann2020,
  author = {Mustermann, Max},
  date   = {2020},
  title  = {Demo Eintrag},
}
